<?xml version="1.0" encoding="UTF-8"?>
<marc:record xmlns:marc="http://www.loc.gov/MARC21/slim" xmlns:xsi="http://www.w3.org/2001/XMLSchema-instance" xsi:schemaLocation="http://www.loc.gov/standards/marcxml/schema/MARC21slim.xsd">
  <marc:leader>00000ndd a2200000 u 4500</marc:leader>
  <marc:controlfield tag="001">1001147363</marc:controlfield>
  <marc:controlfield tag="003">DE-633</marc:controlfield>
  <marc:controlfield tag="005">20210720131610.0</marc:controlfield>
  <marc:controlfield tag="008">210221##################################</marc:controlfield>
  <marc:datafield tag="031" ind1=" " ind2=" ">
    <marc:subfield code="a">1</marc:subfield>
    <marc:subfield code="b">1</marc:subfield>
    <marc:subfield code="c">1</marc:subfield>
    <marc:subfield code="d">Polacca maestoso.</marc:subfield>
    <marc:subfield code="g">G-2</marc:subfield>
    <marc:subfield code="m">Coro V 1</marc:subfield>
    <marc:subfield code="n">bBEA</marc:subfield>
    <marc:subfield code="o">3/4</marc:subfield>
    <marc:subfield code="p">4''E8'BBGE/''C6{CE}2'B/8A6{AB}2G/8F6{FG}2E/</marc:subfield>
    <marc:subfield code="r">E|b</marc:subfield>
    <marc:subfield code="t">Zielona łąka piękny kwiat</marc:subfield>
    <marc:subfield code="2">pe</marc:subfield>
  </marc:datafield>
  <marc:datafield tag="031" ind1=" " ind2=" ">
    <marc:subfield code="a">1</marc:subfield>
    <marc:subfield code="b">1</marc:subfield>
    <marc:subfield code="c">2</marc:subfield>
    <marc:subfield code="d">Polacca maestoso.</marc:subfield>
    <marc:subfield code="g">F-4</marc:subfield>
    <marc:subfield code="m">Coro V 4</marc:subfield>
    <marc:subfield code="n">bBEA</marc:subfield>
    <marc:subfield code="o">3/4</marc:subfield>
    <marc:subfield code="p">4,E8E,,GB,C/,,A,C4ED/8C,,B4nB,C/8,,AB{,E,,B},CD/</marc:subfield>
    <marc:subfield code="r">E|b</marc:subfield>
    <marc:subfield code="t">Zielona łąka piękny kwiat</marc:subfield>
    <marc:subfield code="2">pe</marc:subfield>
  </marc:datafield>
  <marc:datafield tag="040" ind1=" " ind2=" ">
    <marc:subfield code="a">DE-633</marc:subfield>
    <marc:subfield code="b">eng</marc:subfield>
  </marc:datafield>
  <marc:datafield tag="041" ind1="0" ind2=" ">
    <marc:subfield code="a">pol</marc:subfield>
  </marc:datafield>
  <marc:datafield tag="100" ind1="1" ind2=" ">
    <marc:subfield code="a">Noskowski, Zygmunt</marc:subfield>
    <marc:subfield code="d">1846-1909</marc:subfield>
    <marc:subfield code="0">pe106604</marc:subfield>
  </marc:datafield>
  <marc:datafield tag="240" ind1="1" ind2="0">
    <marc:subfield code="a">Zielona łąka</marc:subfield>
    <marc:subfield code="m">Coro</marc:subfield>
    <marc:subfield code="r">D|b</marc:subfield>
    <marc:subfield code="0">50247086</marc:subfield>
  </marc:datafield>
  <marc:datafield tag="245" ind1="1" ind2="0">
    <marc:subfield code="a">[caption title:] Zielona łąka.</marc:subfield>
  </marc:datafield>
  <marc:datafield tag="260" ind1=" " ind2=" ">
    <marc:subfield code="c">1850-1909</marc:subfield>
    <marc:subfield code="8">01</marc:subfield>
  </marc:datafield>
  <marc:datafield tag="300" ind1=" " ind2=" ">
    <marc:subfield code="a">1 score: 2 p.</marc:subfield>
    <marc:subfield code="c">32,0 x 25,0 cm</marc:subfield>
    <marc:subfield code="8">01</marc:subfield>
  </marc:datafield>
  <marc:datafield tag="591" ind1=" " ind2=" ">
    <marc:subfield code="a">inw. 2013</marc:subfield>
  </marc:datafield>
  <marc:datafield tag="593" ind1=" " ind2=" ">
    <marc:subfield code="a">Autograph manuscript</marc:subfield>
    <marc:subfield code="8">01</marc:subfield>
  </marc:datafield>
  <marc:datafield tag="594" ind1=" " ind2=" ">
    <marc:subfield code="b">V coro</marc:subfield>
    <marc:subfield code="c">4</marc:subfield>
  </marc:datafield>
  <marc:datafield tag="594" ind1=" " ind2=" ">
    <marc:subfield code="a">V coro (4)</marc:subfield>
  </marc:datafield>
  <marc:datafield tag="599" ind1=" " ind2=" ">
    <marc:subfield code="b">full</marc:subfield>
  </marc:datafield>
  <marc:datafield tag="650" ind1="0" ind2="7">
    <marc:subfield code="a">Partsongs</marc:subfield>
    <marc:subfield code="0">25460</marc:subfield>
  </marc:datafield>
  <marc:datafield tag="773" ind1="1" ind2="8">
    <marc:subfield code="w">1001147365</marc:subfield>
  </marc:datafield>
  <marc:datafield tag="852" ind1=" " ind2=" ">
    <marc:subfield code="a">PL-Wtm</marc:subfield>
    <marc:subfield code="d">9289</marc:subfield>
    <marc:subfield code="e">Biblioteka, Muzeum i Archiwum Warszawskiego Towarzystwa Muzycznego im. Stanisława Moniuszki</marc:subfield>
    <marc:subfield code="x">ks30000150</marc:subfield>
    <marc:subfield code="c">R 250/N</marc:subfield>
    <marc:subfield code="p"/>
    <marc:subfield code="q"/>
    <marc:subfield code="u"/>
    <marc:subfield code="z"/>
  </marc:datafield>
  <marc:datafield tag="980" ind1=" " ind2=" ">
    <marc:subfield code="a">RISM</marc:subfield>
    <marc:subfield code="c">examined</marc:subfield>
  </marc:datafield>
</marc:record>
